@article{zhang,
  title={A flexible new technique for camera calibration},
  author={Zhang, Zhengyou},
  journal={Pattern Analysis and Machine Intelligence, IEEE Transactions on},
  volume={22},
  number={11},
  pages={1330--1334},
  year={2000},
  publisher={IEEE}
}

@inproceedings{heikkila,
  title={A four-step camera calibration procedure with implicit image correction},
  author={Heikkila, Janne and Silv{\'e}n, Olli},
  booktitle={Computer Vision and Pattern Recognition, 1997. Proceedings., 1997 IEEE Computer Society Conference on},
  pages={1106--1112},
  year={1997},
  organization={IEEE}
}


